<record><leader>00000cas a22000007a 4500</leader><controlfield tag="001">19893216</controlfield><controlfield tag="008">890619d19491953mouwr ne      0    0eng d</controlfield><datafield ind1=" " ind2=" " tag="010"><subfield code="a">sn 89066098 </subfield></datafield><datafield ind1=" " ind2=" " tag="040"><subfield code="a">MQN</subfield><subfield code="b">eng</subfield><subfield code="c">MQN</subfield><subfield code="d">OCLCQ</subfield><subfield code="d">MXM</subfield><subfield code="d">DLC</subfield><subfield code="d">OCLCF</subfield></datafield><datafield ind1="1" ind2=" " tag="029"><subfield code="a">AU@</subfield><subfield code="b">000020617976</subfield></datafield><datafield ind1=" " ind2=" " tag="042"><subfield code="a">msc</subfield></datafield><datafield ind1=" " ind2=" " tag="043"><subfield code="a">n-us-mo</subfield></datafield><datafield ind1="0" ind2="4" tag="245"><subfield code="a">The Kirksville graphic.</subfield></datafield><datafield ind1=" " ind2=" " tag="260"><subfield code="a">Kirksville, Mo. :</subfield><subfield code="b">G.R. Johnston,</subfield><subfield code="c">1949-1953.</subfield></datafield><datafield ind1=" " ind2=" " tag="300"><subfield code="a">v.</subfield></datafield><datafield ind1=" " ind2=" " tag="310"><subfield code="a">Weekly</subfield></datafield><datafield ind1="0" ind2=" " tag="362"><subfield code="a">Vol. 70, no. 10 (Aug. 5, 1949)-v. 73, no. 38 (Feb. 12, 1953).</subfield></datafield><datafield ind1=" " ind2="0" tag="651"><subfield code="a">Kirksville (Mo.)</subfield><subfield code="v">Newspapers.</subfield></datafield><datafield ind1=" " ind2="0" tag="651"><subfield code="a">Adair County (Mo.)</subfield><subfield code="v">Newspapers.</subfield></datafield><datafield ind1=" " ind2="7" tag="655"><subfield code="a">Newspapers.</subfield><subfield code="2">fast</subfield><subfield code="0">(OCoLC)fst01423814</subfield></datafield><datafield ind1=" " ind2="7" tag="651"><subfield code="a">Missouri</subfield><subfield code="z">Adair County.</subfield><subfield code="2">fast</subfield><subfield code="0">(OCoLC)fst01221183</subfield></datafield><datafield ind1=" " ind2="7" tag="651"><subfield code="a">Missouri</subfield><subfield code="z">Kirksville.</subfield><subfield code="2">fast</subfield><subfield code="0">(OCoLC)fst01218534</subfield></datafield><datafield ind1=" " ind2=" " tag="752"><subfield code="a">United States</subfield><subfield code="b">Missouri</subfield><subfield code="c">Adair</subfield><subfield code="d">Kirksville.</subfield></datafield><datafield ind1="0" ind2="0" tag="780"><subfield code="t">Weekly graphic (Kirksville, Mo.)</subfield><subfield code="x">2151-5301</subfield><subfield code="w">(DLC)sn 89066097</subfield><subfield code="w">(OCoLC)19893214</subfield></datafield></record>